<collection xmlns="http://www.loc.gov/MARC21/slim">
<record>
  <leader>01165nam0a22002171i 450 </leader>
  <controlfield tag="001">IT\ICCU\CNCE\039458</controlfield>
  <controlfield tag="005">19981110000000.0</controlfield>
  <datafield tag="012" ind1=" " ind2=" ">
    <subfield code="a">liu- i-a- teoe bano (3) 1550 (A)</subfield>
    <subfield code="2">fei</subfield>
  </datafield>
  <datafield tag="100" ind1=" " ind2=" ">
    <subfield code="a">19981110d1550        0itac0103    ba</subfield>
  </datafield>
  <datafield tag="101" ind1=" " ind2=" ">
    <subfield code="a">ITA</subfield>
  </datafield>
  <datafield tag="102" ind1=" " ind2=" ">
    <subfield code="a">FR</subfield>
  </datafield>
  <datafield tag="200" ind1="1" ind2=" ">
    <subfield code="a">℗Il ℗Nuouo Testamento di Giesu Christo saluatore nostro, reuisto nuouamente con gran diligentia &amp; ornato di molte figure di nuouo aggiunte. Tradotto di Graeco in vulgare italiano, per Antonio Brucioli</subfield>
  </datafield>
  <datafield tag="210" ind1=" " ind2=" ">
    <subfield code="a">In Lyone</subfield>
    <subfield code="c">appresso Gulielmo Rouillio</subfield>
    <subfield code="d">1550</subfield>
    <subfield code="e">Stampato in Lyone</subfield>
    <subfield code="g">per Philiberto Rolleto</subfield>
    <subfield code="h">&amp; Bartholomeo Freno</subfield>
    <subfield code="h">1549</subfield>
  </datafield>
  <datafield tag="215" ind1=" " ind2=" ">
    <subfield code="a">503, \1!, 333, \27! p.</subfield>
    <subfield code="c">ill.</subfield>
    <subfield code="d"></subfield>
  </datafield>
  <datafield tag="300" ind1=" " ind2=" ">
    <subfield code="a"></subfield>
  </datafield>
  <datafield tag="620" ind1=" " ind2=" ">
    <subfield code="a">FR</subfield>
    <subfield code="d">Lione</subfield>
  </datafield>
  <datafield tag="712" ind1="0" ind2="0">
    <subfield code="a">Rollet, Philibert &amp; Frein, Barthľemy</subfield>
    <subfield code="3">IT\ICCU\CNCT\001045</subfield>
    <subfield code="4">650</subfield>
  </datafield>
  <datafield tag="791" ind1="0" ind2="0">
    <subfield code="a">Frein, Barthľemy</subfield>
    <subfield code="3">IT\ICCU\CNCT\001044</subfield>
    <subfield code="z">Rollet, Philibert &amp; Frein, Barthľemy</subfield>
  </datafield>
  <datafield tag="801" ind1=" " ind2="3">
    <subfield code="a">IT</subfield>
    <subfield code="b">ICCU</subfield>
    <subfield code="c">20201114</subfield>
  </datafield>
  <datafield tag="899" ind1=" " ind2=" ">
    <subfield code="a">Biblioteca nazionale centrale. Firenze</subfield>
    <subfield code="1">FI0098</subfield>
    <subfield code="2">CFI CF</subfield>
  </datafield>
  <datafield tag="899" ind1=" " ind2=" ">
    <subfield code="a">Biblioteca nazionale centrale. Roma</subfield>
    <subfield code="1">RM0267</subfield>
    <subfield code="2">BVE CR</subfield>
  </datafield>
</record>
</collection>
